<record><leader>00000cas a22000007a 4500</leader><controlfield tag="001">14049543</controlfield><controlfield tag="008">860805d19341935txucr ne      0    0eng d</controlfield><controlfield tag="009">6576</controlfield><datafield ind1=" " ind2=" " tag="010"><subfield code="a">sn 86088193 </subfield></datafield><datafield ind1=" " ind2=" " tag="040"><subfield code="a">PPM</subfield><subfield code="b">eng</subfield><subfield code="c">PPM</subfield><subfield code="d">DLC</subfield><subfield code="d">PPM</subfield><subfield code="d">OCLCQ</subfield></datafield><datafield ind1="1" ind2=" " tag="029"><subfield code="a">AU@</subfield><subfield code="b">000026770750</subfield></datafield><datafield ind1=" " ind2=" " tag="042"><subfield code="a">msc</subfield></datafield><datafield ind1="0" ind2="4" tag="245"><subfield code="a">The Citizen-free press.</subfield></datafield><datafield ind1=" " ind2=" " tag="260"><subfield code="a">Cisco, Tex. :</subfield><subfield code="b">Free Press Pub. Co.,</subfield><subfield code="c">1934-1935.</subfield></datafield><datafield ind1=" " ind2=" " tag="300"><subfield code="a">1 v. :</subfield><subfield code="b">ill.</subfield></datafield><datafield ind1=" " ind2=" " tag="310"><subfield code="a">Semiweekly</subfield></datafield><datafield ind1="0" ind2=" " tag="362"><subfield code="a">Vol. 5, no. 13 (Nov. 27, 1934)-v. 5, no. 82 (Aug. 1, 1935).</subfield></datafield><datafield ind1=" " ind2=" " tag="752"><subfield code="a">United States</subfield><subfield code="b">Texas</subfield><subfield code="c">Eastland</subfield><subfield code="d">Cisco.</subfield></datafield><datafield ind1="0" ind2="0" tag="780"><subfield code="t">Cisco weekly citizen</subfield><subfield code="w">(DLC)sn 86088422</subfield></datafield><datafield ind1="0" ind2="0" tag="785"><subfield code="t">Cisco daily press</subfield><subfield code="w">(DLC)sn 86088195</subfield></datafield></record>